% Encoding: UTF-8

% !!! Зверніть увагу, як заповнюється  джерела, в яких авторів більше ніж один !!! 
% !!! Кома після прізвища, а після ініціалів ключове слово "and" !!!

@BOOK{ct1,
author = "Воронцов~К.~В.",
title = "\LaTeXe в примерах",
year = 2005,
pages = "59 c.",
url = "http://www.ccas.ru/voron/download/voron05latex.pdf",
language = "russian",
}

@BOOK{ct2,
author = "Львовский~С.~М.",
title = "Набор и верстка в системе \LaTeX",
year = 2003,
edition = 3,
pages = "448 c.",
url = "http://www.mccme.ru/free-books/llang/newllang.pdf",
language = {russian}
}

% !!! Зверніть увагу, як заповнюється  джерела, в яких авторів більше ніж один !!! 
% !!! Кома після прізвища, а після ініціалів ключове слово "and" !!!

@BOOK{ct3,
title = "Системный анализ инфраструктуры как элемент народного хозяйства",
author = "Белоусова, Н. И. and Вишняк, Е. И.
and Левит, В. Ю. and others",
address = "М.",
publisher = "Экономика",
year = 1981,
numpages = 62,
language = {russian}
}

@BOOK{ct4,
author = "Василенко, М. В.",
title = "Теорiя коливань: Навчальний посiбник",
address = "К.",
publisher = "Вища школа",
year = 1992,
numpages = 430,
language = "ukrainian"
}

@Article{ct5,
author = "Меликов, А. З. and Пономаренко, Л. А.",
title = "Оптимизация цифровой сети интегрального обслуживания с конечным числом пользователей и блокировками",
journal = "Автоматика и телемеханика",
year = 1992,
number = 6,
pages = "34-38",
language = "russian"
}

@Article{ct6,
author = "Пономаренко, Л. А. and Меликов, А. З.",
title = "Ситуационное управление многоканальной системой с переменной структурой обслуживания неоднородного потока",
journal = "Изв.\ АН Азерб.\ Респ. Сер.\ физ.-техн.\ и мат.\ наук",
year = 1986,
volume = 7,
number = 6,
pages = "79-83",
language = "russian"
}

@BOOK{ct7,
title = "Обчислювальна i прикладна математика: Зб.наук.пр.",
address = "К.",
publisher = "Либiдь",
year = 1993,
numpages = 99,
language = "ukrainian"
}